@Article {changhua,
  author  = {Changhua Sun and Le He and Qingbo Wang and Ruth Willenborg},
  title   = {Simplifying Service Deployment with Virtual Appliances},
  year    = {2008}
}

@Inproceedings {kamp,
  author =    {Poul-Henning Kamp and Robert N. M. Watson},
  title =     {Jails: Confining the omnipotent root},
  booktitle = {In Proc. 2nd Intl. SANE Conference},
  year =      {2000}
}

@inproceedings {xbow-vertically,
  author = {Tripathi, Sunay and Droux, Nicolas and Srinivasan, Thirumalai and Belgaied, Kais and Iyer, Venu},
  title = {Crossbow: a vertically integrated QoS stack},
  booktitle = {Proceedings of the 1st ACM workshop on Research on enterprise networking},
  series = {WREN '09},
  year = {2009},
  isbn = {978-1-60558-443-0},
  location = {Barcelona, Spain},
  pages = {45--54},
  numpages = {10},
  url = {http://doi.acm.org/10.1145/1592681.1592689},
  doi = {http://doi.acm.org/10.1145/1592681.1592689},
  acmid = {1592689},
  publisher = {ACM},
  address = {New York, NY, USA},
  keywords = {QoS, classification, crossbow, ddos, flows, networking, performance},
}

@Article {price,
  author  = {Daniel Price and Andrew Tucker},
  title   = {Solaris Zones: Operating System Support for Consolidating Commercial Workloads},
  year    = {2004}
}

@Article {santos,
  author  = {Jose Renato Santos Yoshio Turner Jayaram Mudigonda},
  title   = {Taming Heterogeneous NIC Capabilities for I/O Virtualization},
  year    = {2008}
}

@Book {fsag,
  author  = {Sun Microsystems, Inc.},
  title   = {System Administration Guide: Devices and File Systems},
  year    = {2010}
}

@Book {sag,
  author  = {Sun Microsystems, Inc.},
  title   = {System Administration Guide: Solaris Containersâ€”Resource Management and Solaris Zones},
  year    = {2010}
}

@Book {ldomag,
  author  = {Sun Microsystems, Inc.},
  title   = {Logical Domains 1.3 Administration Guide},
  year    = {2010}
}

@Book {reference,
  author  = {Paul A. Watters},
  title   = {Solaris 10: The Complete Reference},
  edition = {1st},
  year    = {2005}
}

@Misc {rfc2475,
  author = {S. Blake and D. Black and M. Carlson and E. Davies and Z. Wang and W. Weiss},
  title  = {An Architecture for Differentiated Service},
  series = {Request for Comments},
  number = {2475},
  howpublished = {RFC 2475 (Informational)},
  publisher = {IETF},
  organization = {Internet Engineering Task Force},
  year={1998},
  month= {dec},
  note = {Updated by RFC 3260},
  url = {http://www.ietf.org/rfc/rfc2475.txt},
}

